<?xml version="1.0" encoding="UTF-8"?>
<record>
  <leader>01271nja#a2200337#c#4500</leader>
  <controlfield tag="005">20211113152800.0</controlfield>
  <controlfield tag="007">co#||a||||||||</controlfield>
  <controlfield tag="007">sd#|||||||||||</controlfield>
  <controlfield tag="008">101130|1980####ja#|||##############fre#c</controlfield>
  <controlfield tag="003">DE-605</controlfield>
  <controlfield tag="001">990183092590206441</controlfield>
  <datafield tag="035" ind1=" " ind2=" ">
    <subfield code="a">(DE-605)HT016608165</subfield>
  </datafield>
  <datafield tag="040" ind1=" " ind2=" ">
    <subfield code="c">DE-605</subfield>
    <subfield code="a">575</subfield>
    <subfield code="b">ger</subfield>
    <subfield code="e">rakwb</subfield>
    <subfield code="d">DE-605</subfield>
  </datafield>
  <datafield tag="041" ind1=" " ind2=" ">
    <subfield code="a">fre</subfield>
  </datafield>
  <datafield tag="044" ind1=" " ind2=" ">
    <subfield code="c">XB-JP</subfield>
  </datafield>
  <datafield tag="090" ind1=" " ind2=" ">
    <subfield code="b">a</subfield>
  </datafield>
  <datafield tag="100" ind1="1" ind2=" ">
    <subfield code="a">Debussy, Claude</subfield>
    <subfield code="d">1862-1918</subfield>
    <subfield code="0">(DE-588)118524186</subfield>
    <subfield code="4">cre</subfield>
  </datafield>
  <datafield tag="240" ind1="1" ind2="0">
    <subfield code="a">Pierrot</subfield>
  </datafield>
  <datafield tag="245" ind1="1" ind2="0">
    <subfield code="a">Pierrot</subfield>
    <subfield code="h">Tonträger</subfield>
    <subfield code="b">[L 15]</subfield>
    <subfield code="c">Claude Debussy. [Text:] (Théodore de Banville)</subfield>
  </datafield>
  <datafield tag="264" ind1=" " ind2="1">
    <subfield code="c">[ca. 1980]</subfield>
  </datafield>
  <datafield tag="773" ind1="0" ind2="8">
    <subfield code="i">Enthalten in</subfield>
    <subfield code="t">Mélodies / Claude Debussy</subfield>
    <subfield code="d">[S.l.], 1980</subfield>
    <subfield code="w">(DE-605)HT016607985</subfield>
  </datafield>
  <datafield tag="964" ind1="0" ind2="s">
    <subfield code="F">051</subfield>
    <subfield code="A">a|||||||</subfield>
  </datafield>
  <datafield tag="964" ind1="0" ind2="s">
    <subfield code="F">030</subfield>
    <subfield code="A">a|1uc||||||1|</subfield>
  </datafield>
  <datafield tag="964" ind1="0" ind2="s">
    <subfield code="F">050</subfield>
    <subfield code="A">|||||aa|||||||</subfield>
  </datafield>
  <datafield tag="035" ind1=" " ind2=" ">
    <subfield code="a">(DE-599)HBZHT016608165</subfield>
  </datafield>
  <datafield tag="700" ind1="1" ind2=" ">
    <subfield code="a">Mesplé, Mady</subfield>
    <subfield code="d">1931-2020</subfield>
    <subfield code="0">(DE-588)130290637</subfield>
    <subfield code="4">sng</subfield>
    <subfield code="4">prf</subfield>
    <subfield code="e">Sopran</subfield>
  </datafield>
  <datafield tag="700" ind1="1" ind2=" ">
    <subfield code="a">Baldwin, Dalton</subfield>
    <subfield code="d">1931-2019</subfield>
    <subfield code="0">(DE-588)124362869</subfield>
    <subfield code="4">itr</subfield>
    <subfield code="4">prf</subfield>
    <subfield code="e">Klavier</subfield>
  </datafield>
  <datafield tag="700" ind1="1" ind2=" ">
    <subfield code="a">Banville, Théodore &lt;&lt;de&gt;&gt;</subfield>
    <subfield code="d">1823-1891</subfield>
    <subfield code="0">(DE-588)119080389</subfield>
    <subfield code="4">wst</subfield>
  </datafield>
  <datafield tag="500" ind1=" " ind2=" ">
    <subfield code="a">Für eine Singstimme und Klavier</subfield>
  </datafield>
  <datafield tag="511" ind1="0" ind2=" ">
    <subfield code="a">Interpr.: Mady Mesplé, [Sopran]. Dalton Baldwin, [Klavier]</subfield>
  </datafield>
  <datafield tag="518" ind1=" " ind2=" ">
    <subfield code="a">Aufn.: Paris en avril 1971, janvier et décembre 1977, octobre et décembre 1978, janvier et février 1979</subfield>
  </datafield>
  <datafield tag="546" ind1=" " ind2=" ">
    <subfield code="a">Gesangstext in franz. Sprache</subfield>
  </datafield>
  <datafield tag="MBD" ind1=" " ind2=" ">
    <subfield code="M">49HBZ_NETWORK</subfield>
    <subfield code="i">990183092590206441</subfield>
    <subfield code="n">HBZ Network</subfield>
  </datafield>
  <datafield tag="MBD" ind1=" " ind2=" ">
    <subfield code="M">49HBZ_DET</subfield>
    <subfield code="i">991007308989706480</subfield>
    <subfield code="n">Hochschule fur Musik Detmold</subfield>
  </datafield>
  <datafield tag="980" ind1="1" ind2=" ">
    <subfield code="e">HBZ</subfield>
    <subfield code="9">LOCAL</subfield>
    <subfield code="M">49HBZ_DET</subfield>
  </datafield>
  <datafield tag="981" ind1=" " ind2=" ">
    <subfield code="a">(DE575-DE51)666492</subfield>
    <subfield code="9">LOCAL</subfield>
    <subfield code="M">49HBZ_DET</subfield>
  </datafield>
  <datafield tag="997" ind1=" " ind2=" ">
    <subfield code="a">20150805</subfield>
    <subfield code="9">LOCAL</subfield>
    <subfield code="M">49HBZ_DET</subfield>
  </datafield>
  <datafield tag="MNG" ind1=" " ind2=" ">
    <subfield code="c">System</subfield>
    <subfield code="f">HBZ</subfield>
    <subfield code="i">marc21</subfield>
    <subfield code="h">20211113152800.0</subfield>
    <subfield code="k">01</subfield>
    <subfield code="e">false</subfield>
    <subfield code="d">2022-11-11 05:41:40 Europe/Berlin</subfield>
    <subfield code="g">018309259-HBZ01</subfield>
    <subfield code="j">60</subfield>
    <subfield code="a">import</subfield>
    <subfield code="b">2021-04-05 13:11:07 Europe/Berlin</subfield>
  </datafield>
</record>
